:20:TPBVNXXX
:25:03399686868
:28C:00000/001
:60F:C251106VND245118467
:61:15052025D26110NTRFNONREF//046CH12251350002
:86:131_THUE VAT-CT DI REF TTQTB0462505150001 ST USD38149.5 ,NHL: FIXCHIPS TECHNOLOGY NA INC., DIEN PHI USD10.00 VAT10PCT
:61:15052025D261100NTRFNONREF//046CH12251350002
:86:844_CT DI REF TTQTB0462505150001 ST USD38149.5 ,NHL: FIXCHIPS TECHNOLOGY NA INC., DIEN PHI USD10.00 VAT10PCT
:61:15052025D78330NTRFNONREF//046CH11251350004
:86:131_THUE VAT-CT DI REF TTQTB0462505150001 ST USD38149.5 ,NHL: FIXCHIPS TECHNOLOGY NA INC., PHI OUR USD30.00 VAT10PCT
:61:15052025D783300NTRFNONREF//046CH11251350004
:86:844_CT DI REF TTQTB0462505150001 ST USD38149.5 ,NHL: FIXCHIPS TECHNOLOGY NA INC., PHI OUR USD30.00 VAT10PCT
:61:15052025D199219NTRFNONREF//046CH11251350003
:86:131_THUE VAT-CT DI REF TTQTB0462505150001 ST USD38149.5 ,NHL: FIXCHIPS TECHNOLOGY NA INC., PHI CHUYEN TIEN USD76.30 VAT10PCT
:61:15052025D1992193NTRFNONREF//046CH11251350003
:86:844_CT DI REF TTQTB0462505150001 ST USD38149.5 ,NHL: FIXCHIPS TECHNOLOGY NA INC., PHI CHUYEN TIEN USD76.30 VAT10PCT
:61:15052025D313125000NTRFNONREF//046ZTRF251350017
:86:131_THU GOC TK: 046MAZS243590002
:61:15052025D1382342NTRFNONREF//046ZTRF251350013
:86:844_THU LAI TK: 046MAZS243370005
:61:15052025D435336377NTRFNONREF//046ZTRF251350011
:86:131_THU GOC TK: 046MAZS243370005
:61:15052025D1479500NTRFNONREF//046ZTRF25135000V
:86:844_THU LAI TK: 046MAZS243340002
:61:15052025D250000000NTRFNONREF//046ZTRF25135000T
:86:131_THU GOC TK: 046MAZS243340002
:61:15052025C100000000NTRFNONREF//046ITC1251350169
:86:844_chuyen tien noi bo MB TP
:61:15052025C450000000NTRFNONREF//046ITC1251350168
:86:131_chuyen tien noi bo MB TP
:61:15052025C450000000NTRFNONREF//046ITC1251350167
:86:844_chuyen tien noi bo MB TP
:61:16052025C580943363NTRFNONREF//000CT07251367643
:86:844_CTCP UNG DUNG VA PT CN TOAN CAU SMC TT 50% CON LAI THEO HDON 316 371 B/O: CTCP UNG DUNG VA PT CN TOAN CAU SMC REF 00005059 Ngay 16/05/2025
:61:20052025D550000000NTRFNONREF//046CI10251400001
:86:131_DEN EPI VIET NAM TECHNOLOGIES CO.,LTD-Chuyen tien noi bo TP MB
:62F:C251106VND271398359