:20:TCBVNXXX
:25:19131385405012
:28C:00000/001
:60F:C251106VND18079093
:61:20052025D10250973525NTRFNONREF//FT25140560082100
:86:131_NH BAN CHO KH EPI VIET NAM TECHNOLO GIES 393,285 USD TG 26,065 D2005202 5HO SO GOC
:61:20052025C10250973525NTRFNONREF//FT25140900096160
:86:844_TRICH VON VAY DE TTLC TF251050104401/TLG
:61:20052025D10000NTRFNONREF//CHG2514036086
:86:131_THU PHI BCT TF251050104401/TLG
:61:20052025D1200000000NTRFNONREF//AZ-14901099259000
:86:844_mo so tiet kiem
:61:19052025C300000000NTRFNONREF//FT25139642817478
:86:131_Chuyen tien noi bo MB TCB
:61:19052025C450000000NTRFNONREF//FT25139093320058
:86:844_Chuyen tien noi bo MB TCB
:61:19052025C450000000NTRFNONREF//FT25139260010851
:86:131_Chuyen tien noi bo MB TCB
:61:15052025D60000NTRFNONREF//FT25135290964095
:86:844_EPI VIET NAM TECHNOLOGIES - 2077770489-3122227
:61:14052025D12800926048NTRFNONREF//FT25134667527607
:86:131_chuyen tien noi bo TCB MB
:61:13052025C12902846955NTRFNONREF//FT25133831506008
:86:844_Chuyen tien giai ngan CK tu TKGN sang TKTT theo SCF-25900 va CK-250512002086
:62F:C251106VND119930000